[{"symbol": "BATUSDT", "date": "2026-01-05", "trade_id": "BATUSDT_00000011", "violation_type": "pump_and_dump", "remarks": "BATUSDT hour volume >5.0\u00d7 median hourly AND hour tradecount \u226592 \u2014 liquidity/pump context.", "timestamp": "2026-01-05 01:53:33.772782", "wallet_id": "wallet_BAT0004", "side": "BUY", "order_type": "MARKET", "price": 0.233222, "quantity": 0.603629, "notional_usdt": 0.140779562638, "trader_id": "wallet_BAT0004"}, {"symbol": "BATUSDT", "date": "2026-02-27", "trade_id": "BATUSDT_00000012", "violation_type": "pump_and_dump", "remarks": "BATUSDT hour volume >5.0\u00d7 median hourly AND hour tradecount \u226592 \u2014 liquidity/pump context.", "timestamp": "2026-02-27 04:20:34.811573", "wallet_id": "wallet_BAT0009", "side": "SELL", "order_type": "MARKET", "price": 0.114882, "quantity": 2.338318, "notional_usdt": 0.268630648476, "trader_id": "wallet_BAT0009"}, {"symbol": "BATUSDT", "date": "2026-02-09", "trade_id": "BATUSDT_00000013", "violation_type": "pump_and_dump", "remarks": "BATUSDT hour volume >5.0\u00d7 median hourly AND hour tradecount \u226592 \u2014 liquidity/pump context.", "timestamp": "2026-02-09 14:08:35.801214", "wallet_id": "wallet_BAT0010", "side": "SELL", "order_type": "MARKET", "price": 0.122283, "quantity": 1.443283, "notional_usdt": 0.17648897508900002, "trader_id": "wallet_BAT0010"}, {"symbol": "BATUSDT", "date": "2026-01-15", "trade_id": "BATUSDT_00000020", "violation_type": "pump_and_dump", "remarks": "BATUSDT hour volume >5.0\u00d7 median hourly AND hour tradecount \u226592 \u2014 liquidity/pump context.", "timestamp": "2026-01-15 16:01:41.919709", "wallet_id": "wallet_BAT0003", "side": "SELL", "order_type": "MARKET", "price": 0.191942, "quantity": 0.628847, "notional_usdt": 0.120702150874, "trader_id": "wallet_BAT0003"}, {"symbol": "BATUSDT", "date": "2026-01-13", "trade_id": "BATUSDT_00000023", "violation_type": "pump_and_dump", "remarks": "BATUSDT hour volume >5.0\u00d7 median hourly AND hour tradecount \u226592 \u2014 liquidity/pump context.", "timestamp": "2026-01-13 10:29:24.074509", "wallet_id": "wallet_BAT0011", "side": "SELL", "order_type": "LIMIT", "price": 0.20328, "quantity": 2.33373, "notional_usdt": 0.47440063439999997, "trader_id": "wallet_BAT0011"}, {"symbol": "BATUSDT", "date": "2026-01-30", "trade_id": "BATUSDT_00000035", "violation_type": "pump_and_dump", "remarks": "BATUSDT hour volume >5.0\u00d7 median hourly AND hour tradecount \u226592 \u2014 liquidity/pump context.", "timestamp": "2026-01-30 23:45:40.699027", "wallet_id": "wallet_BAT0030", "side": "BUY", "order_type": "MARKET", "price": 0.147682, "quantity": 0.802283, "notional_usdt": 0.118482758006, "trader_id": "wallet_BAT0030"}, {"symbol": "BATUSDT", "date": "2026-01-13", "trade_id": "BATUSDT_00000043", "violation_type": "pump_and_dump", "remarks": "BATUSDT hour volume >5.0\u00d7 median hourly AND hour tradecount \u226592 \u2014 liquidity/pump context.", "timestamp": "2026-01-13 22:10:27.437586", "wallet_id": "wallet_BAT0015", "side": "BUY", "order_type": "MARKET", "price": 0.206341, "quantity": 2.249501, "notional_usdt": 0.464164285841, "trader_id": "wallet_BAT0015"}, {"symbol": "BATUSDT", "date": "2026-01-17", "trade_id": "BATUSDT_00000100", "violation_type": "pump_and_dump", "remarks": "BATUSDT hour volume >5.0\u00d7 median hourly AND hour tradecount \u226592 \u2014 liquidity/pump context.", "timestamp": "2026-01-17 14:26:57.209429", "wallet_id": "wallet_BAT0005", "side": "SELL", "order_type": "MARKET", "price": 0.216522, "quantity": 0.687774, "notional_usdt": 0.148918202028, "trader_id": "wallet_BAT0005"}, {"symbol": "BATUSDT", "date": "2026-01-13", "trade_id": "BATUSDT_00000106", "violation_type": "pump_and_dump", "remarks": "BATUSDT hour volume >5.0\u00d7 median hourly AND hour tradecount \u226592 \u2014 liquidity/pump context.", "timestamp": "2026-01-13 11:38:13.962877", "wallet_id": "wallet_BAT0028", "side": "BUY", "order_type": "LIMIT", "price": 0.205228, "quantity": 2.575404, "notional_usdt": 0.5285450121119999, "trader_id": "wallet_BAT0028"}, {"symbol": "BATUSDT", "date": "2026-01-31", "trade_id": "BATUSDT_00000108", "violation_type": "pump_and_dump", "remarks": "BATUSDT hour volume >5.0\u00d7 median hourly AND hour tradecount \u226592 \u2014 liquidity/pump context.", "timestamp": "2026-01-31 17:01:23.162604", "wallet_id": "wallet_BAT0011", "side": "BUY", "order_type": "MARKET", "price": 0.131583, "quantity": 2.142377, "notional_usdt": 0.28190039279100004, "trader_id": "wallet_BAT0011"}, {"symbol": "BATUSDT", "date": "2026-02-26", "trade_id": "BATUSDT_00000109", "violation_type": "pump_and_dump", "remarks": "BATUSDT hour volume >5.0\u00d7 median hourly AND hour tradecount \u226592 \u2014 liquidity/pump context.", "timestamp": "2026-02-26 05:31:42.683550", "wallet_id": "wallet_BAT0019", "side": "SELL", "order_type": "MARKET", "price": 0.116225, "quantity": 2.050521, "notional_usdt": 0.23832180322499996, "trader_id": "wallet_BAT0019"}, {"symbol": "BATUSDT", "date": "2026-02-05", "trade_id": "BATUSDT_00000174", "violation_type": "pump_and_dump", "remarks": "BATUSDT hour volume >5.0\u00d7 median hourly AND hour tradecount \u226592 \u2014 liquidity/pump context.", "timestamp": "2026-02-05 16:10:47.868751", "wallet_id": "wallet_BAT0025", "side": "BUY", "order_type": "MARKET", "price": 0.116724, "quantity": 1.640307, "notional_usdt": 0.191463194268, "trader_id": "wallet_BAT0025"}, {"symbol": "BATUSDT", "date": "2026-02-12", "trade_id": "BATUSDT_00000188", "violation_type": "pump_and_dump", "remarks": "BATUSDT hour volume >5.0\u00d7 median hourly AND hour tradecount \u226592 \u2014 liquidity/pump context.", "timestamp": "2026-02-12 17:57:24.535404", "wallet_id": "wallet_BAT0002", "side": "SELL", "order_type": "MARKET", "price": 0.128672, "quantity": 2.669002, "notional_usdt": 0.343425825344, "trader_id": "wallet_BAT0002"}, {"symbol": "BATUSDT", "date": "2026-01-30", "trade_id": "BATUSDT_00000194", "violation_type": "pump_and_dump", "remarks": "BATUSDT hour volume >5.0\u00d7 median hourly AND hour tradecount \u226592 \u2014 liquidity/pump context.", "timestamp": "2026-01-30 02:18:19.118329", "wallet_id": "wallet_BAT0005", "side": "SELL", "order_type": "LIMIT", "price": 0.151338, "quantity": 8.829637, "notional_usdt": 1.336259604306, "trader_id": "wallet_BAT0005"}, {"symbol": "BATUSDT", "date": "2026-01-20", "trade_id": "BATUSDT_00000206", "violation_type": "pump_and_dump", "remarks": "BATUSDT hour volume >5.0\u00d7 median hourly AND hour tradecount \u226592 \u2014 liquidity/pump context.", "timestamp": "2026-01-20 05:43:21.300188", "wallet_id": "wallet_BAT0008", "side": "BUY", "order_type": "MARKET", "price": 0.209249, "quantity": 1.104885, "notional_usdt": 0.23119608136499997, "trader_id": "wallet_BAT0008"}, {"symbol": "BATUSDT", "date": "2026-01-18", "trade_id": "BATUSDT_00000228", "violation_type": "pump_and_dump", "remarks": "BATUSDT hour volume >5.0\u00d7 median hourly AND hour tradecount \u226592 \u2014 liquidity/pump context.", "timestamp": "2026-01-18 01:46:56.772552", "wallet_id": "wallet_BAT0005", "side": "SELL", "order_type": "MARKET", "price": 0.208663, "quantity": 0.654511, "notional_usdt": 0.136572228793, "trader_id": "wallet_BAT0005"}, {"symbol": "BATUSDT", "date": "2026-01-07", "trade_id": "BATUSDT_00000249", "violation_type": "pump_and_dump", "remarks": "BATUSDT hour volume >5.0\u00d7 median hourly AND hour tradecount \u226592 \u2014 liquidity/pump context.", "timestamp": "2026-01-07 08:24:45.483756", "wallet_id": "wallet_BAT0024", "side": "BUY", "order_type": "MARKET", "price": 0.228798, "quantity": 0.784039, "notional_usdt": 0.17938655512200002, "trader_id": "wallet_BAT0024"}, {"symbol": "BATUSDT", "date": "2026-01-19", "trade_id": "BATUSDT_00000303", "violation_type": "pump_and_dump", "remarks": "BATUSDT hour volume >5.0\u00d7 median hourly AND hour tradecount \u226592 \u2014 liquidity/pump context.", "timestamp": "2026-01-19 06:19:51.397658", "wallet_id": "wallet_BAT0004", "side": "SELL", "order_type": "MARKET", "price": 0.206719, "quantity": 0.535249, "notional_usdt": 0.110646138031, "trader_id": "wallet_BAT0004"}, {"symbol": "BATUSDT", "date": "2026-02-04", "trade_id": "BATUSDT_00000343", "violation_type": "pump_and_dump", "remarks": "BATUSDT hour volume >5.0\u00d7 median hourly AND hour tradecount \u226592 \u2014 liquidity/pump context.", "timestamp": "2026-02-04 06:11:39.132568", "wallet_id": "wallet_BAT0005", "side": "BUY", "order_type": "MARKET", "price": 0.12414, "quantity": 1.250383, "notional_usdt": 0.15522254562, "trader_id": "wallet_BAT0005"}, {"symbol": "BATUSDT", "date": "2026-01-21", "trade_id": "BATUSDT_00000359", "violation_type": "pump_and_dump", "remarks": "BATUSDT hour volume >5.0\u00d7 median hourly AND hour tradecount \u226592 \u2014 liquidity/pump context.", "timestamp": "2026-01-21 17:40:53.914505", "wallet_id": "wallet_BAT0019", "side": "BUY", "order_type": "MARKET", "price": 0.182906, "quantity": 4.506105, "notional_usdt": 0.82419364113, "trader_id": "wallet_BAT0019"}, {"symbol": "BATUSDT", "date": "2026-01-20", "trade_id": "BATUSDT_00000384", "violation_type": "pump_and_dump", "remarks": "BATUSDT hour volume >5.0\u00d7 median hourly AND hour tradecount \u226592 \u2014 liquidity/pump context.", "timestamp": "2026-01-20 06:23:53.749263", "wallet_id": "wallet_BAT0017", "side": "BUY", "order_type": "MARKET", "price": 0.201661, "quantity": 12.0853, "notional_usdt": 2.4371336833, "trader_id": "wallet_BAT0017"}, {"symbol": "BATUSDT", "date": "2026-01-19", "trade_id": "BATUSDT_00000386", "violation_type": "pump_and_dump", "remarks": "BATUSDT hour volume >5.0\u00d7 median hourly AND hour tradecount \u226592 \u2014 liquidity/pump context.", "timestamp": "2026-01-19 00:02:45.470048", "wallet_id": "wallet_BAT0029", "side": "SELL", "order_type": "STOP_LIMIT", "price": 0.186396, "quantity": 0.642299, "notional_usdt": 0.119721964404, "trader_id": "wallet_BAT0029"}, {"symbol": "BATUSDT", "date": "2026-01-31", "trade_id": "BATUSDT_00000395", "violation_type": "pump_and_dump", "remarks": "BATUSDT hour volume >5.0\u00d7 median hourly AND hour tradecount \u226592 \u2014 liquidity/pump context.", "timestamp": "2026-01-31 17:10:53.409596", "wallet_id": "wallet_BAT0002", "side": "SELL", "order_type": "LIMIT", "price": 0.129491, "quantity": 0.951689, "notional_usdt": 0.123235160299, "trader_id": "wallet_BAT0002"}, {"symbol": "BATUSDT", "date": "2026-01-17", "trade_id": "BATUSDT_00000422", "violation_type": "pump_and_dump", "remarks": "BATUSDT hour volume >5.0\u00d7 median hourly AND hour tradecount \u226592 \u2014 liquidity/pump context.", "timestamp": "2026-01-17 13:07:09.807524", "wallet_id": "wallet_BAT0024", "side": "SELL", "order_type": "MARKET", "price": 0.218114, "quantity": 0.669286, "notional_usdt": 0.145980646604, "trader_id": "wallet_BAT0024"}, {"symbol": "BATUSDT", "date": "2026-01-21", "trade_id": "BATUSDT_00000426", "violation_type": "pump_and_dump", "remarks": "BATUSDT hour volume >5.0\u00d7 median hourly AND hour tradecount \u226592 \u2014 liquidity/pump context.", "timestamp": "2026-01-21 17:55:04.043020", "wallet_id": "wallet_BAT0028", "side": "SELL", "order_type": "LIMIT", "price": 0.183693, "quantity": 0.610094, "notional_usdt": 0.112069997142, "trader_id": "wallet_BAT0028"}, {"symbol": "BATUSDT", "date": "2026-01-01", "trade_id": "BATUSDT_00000448", "violation_type": "pump_and_dump", "remarks": "BATUSDT hour volume >5.0\u00d7 median hourly AND hour tradecount \u226592 \u2014 liquidity/pump context.", "timestamp": "2026-01-01 12:30:45.762601", "wallet_id": "wallet_BAT0006", "side": "SELL", "order_type": "LIMIT", "price": 0.214627, "quantity": 5.280726, "notional_usdt": 1.133386379202, "trader_id": "wallet_BAT0006"}, {"symbol": "BATUSDT", "date": "2026-02-03", "trade_id": "BATUSDT_00000450", "violation_type": "pump_and_dump", "remarks": "BATUSDT hour volume >5.0\u00d7 median hourly AND hour tradecount \u226592 \u2014 liquidity/pump context.", "timestamp": "2026-02-03 05:06:16.504384", "wallet_id": "wallet_BAT0007", "side": "BUY", "order_type": "LIMIT", "price": 0.128718, "quantity": 1.3198, "notional_usdt": 0.1698820164, "trader_id": "wallet_BAT0007"}, {"symbol": "BATUSDT", "date": "2026-01-20", "trade_id": "BATUSDT_00000471", "violation_type": "pump_and_dump", "remarks": "BATUSDT hour volume >5.0\u00d7 median hourly AND hour tradecount \u226592 \u2014 liquidity/pump context.", "timestamp": "2026-01-20 05:38:20.749716", "wallet_id": "wallet_BAT0025", "side": "BUY", "order_type": "LIMIT", "price": 0.209876, "quantity": 0.613881, "notional_usdt": 0.128838888756, "trader_id": "wallet_BAT0025"}, {"symbol": "BATUSDT", "date": "2026-01-13", "trade_id": "BATUSDT_00000473", "violation_type": "pump_and_dump", "remarks": "BATUSDT hour volume >5.0\u00d7 median hourly AND hour tradecount \u226592 \u2014 liquidity/pump context.", "timestamp": "2026-01-13 11:57:58.484419", "wallet_id": "wallet_BAT0014", "side": "BUY", "order_type": "LIMIT", "price": 0.20641, "quantity": 0.643279, "notional_usdt": 0.13277921839, "trader_id": "wallet_BAT0014"}, {"symbol": "BATUSDT", "date": "2026-01-19", "trade_id": "BATUSDT_00000478", "violation_type": "pump_and_dump", "remarks": "BATUSDT hour volume >5.0\u00d7 median hourly AND hour tradecount \u226592 \u2014 liquidity/pump context.", "timestamp": "2026-01-19 05:54:08.434296", "wallet_id": "wallet_BAT0023", "side": "SELL", "order_type": "MARKET", "price": 0.209985, "quantity": 1.036496, "notional_usdt": 0.21764861256, "trader_id": "wallet_BAT0023"}, {"symbol": "BATUSDT", "date": "2026-01-13", "trade_id": "BATUSDT_00000479", "violation_type": "pump_and_dump", "remarks": "BATUSDT hour volume >5.0\u00d7 median hourly AND hour tradecount \u226592 \u2014 liquidity/pump context.", "timestamp": "2026-01-13 11:12:33.580045", "wallet_id": "wallet_BAT0014", "side": "SELL", "order_type": "MARKET", "price": 0.203506, "quantity": 1.208778, "notional_usdt": 0.24599357566799998, "trader_id": "wallet_BAT0014"}, {"symbol": "BATUSDT", "date": "2026-02-12", "trade_id": "BATUSDT_00000486", "violation_type": "pump_and_dump", "remarks": "BATUSDT hour volume >5.0\u00d7 median hourly AND hour tradecount \u226592 \u2014 liquidity/pump context.", "timestamp": "2026-02-12 17:59:41.912491", "wallet_id": "wallet_BAT0021", "side": "SELL", "order_type": "LIMIT", "price": 0.127666, "quantity": 1.039804, "notional_usdt": 0.132747617464, "trader_id": "wallet_BAT0021"}, {"symbol": "BATUSDT", "date": "2026-01-18", "trade_id": "BATUSDT_00000493", "violation_type": "pump_and_dump", "remarks": "BATUSDT hour volume >5.0\u00d7 median hourly AND hour tradecount \u226592 \u2014 liquidity/pump context.", "timestamp": "2026-01-18 01:11:33.141090", "wallet_id": "wallet_BAT0014", "side": "SELL", "order_type": "LIMIT", "price": 0.20983, "quantity": 0.576579, "notional_usdt": 0.12098357156999999, "trader_id": "wallet_BAT0014"}, {"symbol": "BATUSDT", "date": "2026-01-21", "trade_id": "BATUSDT_00000503", "violation_type": "spoofing", "remarks": "Price outside 1m bar H/L with large mid deviation; low-tradecount bars use stricter bps \u2014 possible spoof/print vs bar mismatch.", "timestamp": "2026-01-21 10:47:56.456981", "wallet_id": "trader_08", "side": "BUY", "order_type": "LIMIT", "price": 0.192152, "quantity": 90.780696, "notional_usdt": 17.443692297792, "trader_id": "trader_08"}, {"symbol": "BATUSDT", "date": "2026-01-21", "trade_id": "BATUSDT_00000507", "violation_type": "spoofing", "remarks": "Price outside 1m bar H/L with large mid deviation; low-tradecount bars use stricter bps \u2014 possible spoof/print vs bar mismatch.", "timestamp": "2026-01-21 13:53:54.934488", "wallet_id": "trader_08", "side": "BUY", "order_type": "MARKET", "price": 0.191643, "quantity": 83.129955, "notional_usdt": 15.931273966065, "trader_id": "trader_08"}, {"symbol": "BATUSDT", "date": "2026-01-21", "trade_id": "BATUSDT_00000508", "violation_type": "spoofing", "remarks": "Price outside 1m bar H/L with large mid deviation; low-tradecount bars use stricter bps \u2014 possible spoof/print vs bar mismatch.", "timestamp": "2026-01-21 14:19:07.594547", "wallet_id": "trader_08", "side": "BUY", "order_type": "LIMIT", "price": 0.192757, "quantity": 88.095818, "notional_usdt": 16.981085590226, "trader_id": "trader_08"}, {"symbol": "BATUSDT", "date": "2026-01-21", "trade_id": "BATUSDT_00000509", "violation_type": "spoofing", "remarks": "Price outside 1m bar H/L with large mid deviation; low-tradecount bars use stricter bps \u2014 possible spoof/print vs bar mismatch.", "timestamp": "2026-01-21 15:18:51.880024", "wallet_id": "trader_08", "side": "BUY", "order_type": "MARKET", "price": 0.191293, "quantity": 84.099872, "notional_usdt": 16.087716814496, "trader_id": "trader_08"}, {"symbol": "BATUSDT", "date": "2026-02-09", "trade_id": "BATUSDT_00000520", "violation_type": "pump_and_dump", "remarks": "BATUSDT hour volume >5.0\u00d7 median hourly AND hour tradecount \u226592 \u2014 liquidity/pump context.", "timestamp": "2026-02-09 10:05:00", "wallet_id": "trader_10", "side": "BUY", "order_type": "MARKET", "price": 0.124136, "quantity": 100.0, "notional_usdt": 12.413599999999999, "trader_id": "trader_10"}, {"symbol": "BATUSDT", "date": "2026-02-09", "trade_id": "BATUSDT_00000525", "violation_type": "pump_and_dump", "remarks": "BATUSDT hour volume >5.0\u00d7 median hourly AND hour tradecount \u226592 \u2014 liquidity/pump context.", "timestamp": "2026-02-09 14:07:30.164246", "wallet_id": "trader_10", "side": "BUY", "order_type": "MARKET", "price": 0.124671, "quantity": 90.894651, "notional_usdt": 11.331927034821, "trader_id": "trader_10"}, {"symbol": "BTCUSDT", "date": "2026-01-11", "trade_id": "BTCUSDT_00001398", "violation_type": "round_trip_wash", "remarks": "Wallets wallet_BTC0019 / wallet_BTC0009 BUY\u2192SELL within 120s notionals within 2%, min 1500 USDT \u2014 round-trip wash.", "timestamp": "2026-01-11 06:19:11.503679", "wallet_id": "wallet_BTC0019", "side": "BUY", "order_type": "MARKET", "price": 90718.396455, "quantity": 0.209793, "notional_usdt": 19032.084547483813, "trader_id": "wallet_BTC0019"}, {"symbol": "BTCUSDT", "date": "2026-02-05", "trade_id": "BTCUSDT_00001534", "violation_type": "round_trip_wash", "remarks": "Wallets wallet_BTC0052 / wallet_BTC0087 BUY\u2192SELL within 120s notionals within 2%, min 1500 USDT \u2014 round-trip wash.", "timestamp": "2026-02-05 07:16:51.359220", "wallet_id": "wallet_BTC0052", "side": "BUY", "order_type": "MARKET", "price": 71038.820233, "quantity": 0.191399, "notional_usdt": 13596.759153775969, "trader_id": "wallet_BTC0052"}, {"symbol": "BTCUSDT", "date": "2026-02-06", "trade_id": "BTCUSDT_00002038", "violation_type": "round_trip_wash", "remarks": "Wallets wallet_BTC0075 / wallet_BTC0010 BUY\u2192SELL within 120s notionals within 2%, min 1500 USDT \u2014 round-trip wash.", "timestamp": "2026-02-06 01:37:30.588847", "wallet_id": "wallet_BTC0010", "side": "SELL", "order_type": "STOP_LIMIT", "price": 64321.161744, "quantity": 0.499452, "notional_usdt": 32125.332875364285, "trader_id": "wallet_BTC0010"}, {"symbol": "BTCUSDT", "date": "2026-02-06", "trade_id": "BTCUSDT_00002264", "violation_type": "round_trip_wash", "remarks": "Wallets wallet_BTC0075 / wallet_BTC0010 BUY\u2192SELL within 120s notionals within 2%, min 1500 USDT \u2014 round-trip wash.", "timestamp": "2026-02-06 01:36:56.239177", "wallet_id": "wallet_BTC0075", "side": "BUY", "order_type": "MARKET", "price": 64676.226016, "quantity": 0.490501, "notional_usdt": 31723.75353707402, "trader_id": "wallet_BTC0075"}, {"symbol": "BTCUSDT", "date": "2026-02-16", "trade_id": "BTCUSDT_00002431", "violation_type": "round_trip_wash", "remarks": "Wallets wallet_BTC0101 / wallet_BTC0185 BUY\u2192SELL within 120s notionals within 2%, min 1500 USDT \u2014 round-trip wash.", "timestamp": "2026-02-16 14:11:21.827545", "wallet_id": "wallet_BTC0185", "side": "SELL", "order_type": "STOP_LIMIT", "price": 68378.983131, "quantity": 0.171601, "notional_usdt": 11733.901884262732, "trader_id": "wallet_BTC0185"}, {"symbol": "BTCUSDT", "date": "2026-02-05", "trade_id": "BTCUSDT_00002782", "violation_type": "round_trip_wash", "remarks": "Wallets wallet_BTC0052 / wallet_BTC0087 BUY\u2192SELL within 120s notionals within 2%, min 1500 USDT \u2014 round-trip wash.", "timestamp": "2026-02-05 07:17:10.271369", "wallet_id": "wallet_BTC0087", "side": "SELL", "order_type": "STOP_LIMIT", "price": 71157.453457, "quantity": 0.192591, "notional_usdt": 13704.285118737087, "trader_id": "wallet_BTC0087"}, {"symbol": "BTCUSDT", "date": "2026-02-22", "trade_id": "BTCUSDT_00002902", "violation_type": "round_trip_wash", "remarks": "Wallets wallet_BTC0010 / wallet_BTC0095 BUY\u2192SELL within 120s notionals within 2%, min 1500 USDT \u2014 round-trip wash.", "timestamp": "2026-02-22 20:54:08.751977", "wallet_id": "wallet_BTC0010", "side": "BUY", "order_type": "LIMIT", "price": 67372.981957, "quantity": 0.598718, "notional_usdt": 40337.41701133112, "trader_id": "wallet_BTC0010"}, {"symbol": "BTCUSDT", "date": "2026-02-16", "trade_id": "BTCUSDT_00002949", "violation_type": "round_trip_wash", "remarks": "Wallets wallet_BTC0101 / wallet_BTC0185 BUY\u2192SELL within 120s notionals within 2%, min 1500 USDT \u2014 round-trip wash.", "timestamp": "2026-02-16 14:09:52.795155", "wallet_id": "wallet_BTC0101", "side": "BUY", "order_type": "LIMIT", "price": 68471.55453, "quantity": 0.169265, "notional_usdt": 11589.837677520449, "trader_id": "wallet_BTC0101"}, {"symbol": "BTCUSDT", "date": "2026-01-11", "trade_id": "BTCUSDT_00003449", "violation_type": "round_trip_wash", "remarks": "Wallets wallet_BTC0019 / wallet_BTC0009 BUY\u2192SELL within 120s notionals within 2%, min 1500 USDT \u2014 round-trip wash.", "timestamp": "2026-01-11 06:20:49.804125", "wallet_id": "wallet_BTC0009", "side": "SELL", "order_type": "MARKET", "price": 90644.052035, "quantity": 0.209136, "notional_usdt": 18956.934466391758, "trader_id": "wallet_BTC0009"}, {"symbol": "BTCUSDT", "date": "2026-02-22", "trade_id": "BTCUSDT_00004616", "violation_type": "round_trip_wash", "remarks": "Wallets wallet_BTC0010 / wallet_BTC0095 BUY\u2192SELL within 120s notionals within 2%, min 1500 USDT \u2014 round-trip wash.", "timestamp": "2026-02-22 20:54:09.581798", "wallet_id": "wallet_BTC0095", "side": "SELL", "order_type": "MARKET", "price": 67398.771863, "quantity": 0.60406, "notional_usdt": 40712.90213156379, "trader_id": "wallet_BTC0095"}, {"symbol": "BTCUSDT", "date": "2026-01-08", "trade_id": "BTCUSDT_00005001", "violation_type": "spoofing", "remarks": "Price outside 1m bar H/L with large mid deviation; low-tradecount bars use stricter bps \u2014 possible spoof/print vs bar mismatch.", "timestamp": "2026-01-08 11:29:00", "wallet_id": "trader_01", "side": "BUY", "order_type": "LIMIT", "price": 90749.610411, "quantity": 0.130673, "notional_usdt": 11858.523841236603, "trader_id": "trader_01"}, {"symbol": "BTCUSDT", "date": "2026-01-08", "trade_id": "BTCUSDT_00005002", "violation_type": "spoofing", "remarks": "Price outside 1m bar H/L with large mid deviation; low-tradecount bars use stricter bps \u2014 possible spoof/print vs bar mismatch.", "timestamp": "2026-01-08 11:59:00", "wallet_id": "trader_01", "side": "SELL", "order_type": "MARKET", "price": 90804.790484, "quantity": 0.132688, "notional_usdt": 12048.706039740991, "trader_id": "trader_01"}, {"symbol": "BTCUSDT", "date": "2026-01-15", "trade_id": "BTCUSDT_00005003", "violation_type": "spoofing", "remarks": "Price outside 1m bar H/L with large mid deviation; low-tradecount bars use stricter bps \u2014 possible spoof/print vs bar mismatch.", "timestamp": "2026-01-15 10:24:45.774311", "wallet_id": "trader_02", "side": "BUY", "order_type": "MARKET", "price": 96480.205398, "quantity": 0.073602, "notional_usdt": 7101.136077703596, "trader_id": "trader_02"}, {"symbol": "BTCUSDT", "date": "2026-01-22", "trade_id": "BTCUSDT_00005014", "violation_type": "spoofing", "remarks": "Price outside 1m bar H/L with large mid deviation; low-tradecount bars use stricter bps \u2014 possible spoof/print vs bar mismatch.", "timestamp": "2026-01-22 12:39:24.715458", "wallet_id": "trader_03", "side": "BUY", "order_type": "STOP_LIMIT", "price": 89615.957077, "quantity": 0.095617, "notional_usdt": 8568.808967831508, "trader_id": "trader_03"}, {"symbol": "BTCUSDT", "date": "2026-02-05", "trade_id": "BTCUSDT_00005026", "violation_type": "spoofing", "remarks": "Price outside 1m bar H/L with large mid deviation; low-tradecount bars use stricter bps \u2014 possible spoof/print vs bar mismatch.", "timestamp": "2026-02-05 10:54:54.567939", "wallet_id": "trader_01", "side": "BUY", "order_type": "LIMIT", "price": 70453.09657, "quantity": 0.089995, "notional_usdt": 6340.42642581715, "trader_id": "trader_01"}, {"symbol": "BTCUSDT", "date": "2026-02-05", "trade_id": "BTCUSDT_00005027", "violation_type": "spoofing", "remarks": "Price outside 1m bar H/L with large mid deviation; low-tradecount bars use stricter bps \u2014 possible spoof/print vs bar mismatch.", "timestamp": "2026-02-05 10:56:04.496548", "wallet_id": "trader_01", "side": "BUY", "order_type": "MARKET", "price": 70194.200794, "quantity": 0.095414, "notional_usdt": 6697.509474558717, "trader_id": "trader_01"}, {"symbol": "BTCUSDT", "date": "2026-02-05", "trade_id": "BTCUSDT_00005028", "violation_type": "spoofing", "remarks": "Price outside 1m bar H/L with large mid deviation; low-tradecount bars use stricter bps \u2014 possible spoof/print vs bar mismatch.", "timestamp": "2026-02-05 11:11:17.451012", "wallet_id": "trader_01", "side": "BUY", "order_type": "LIMIT", "price": 70358.22199, "quantity": 0.086538, "notional_usdt": 6088.659814570621, "trader_id": "trader_01"}, {"symbol": "BTCUSDT", "date": "2026-02-05", "trade_id": "BTCUSDT_00005030", "violation_type": "spoofing", "remarks": "Price outside 1m bar H/L with large mid deviation; low-tradecount bars use stricter bps \u2014 possible spoof/print vs bar mismatch.", "timestamp": "2026-02-05 10:35:00.836048", "wallet_id": "trader_02", "side": "BUY", "order_type": "MARKET", "price": 70151.124219, "quantity": 0.088149, "notional_usdt": 6183.751448780632, "trader_id": "trader_02"}, {"symbol": "BTCUSDT", "date": "2026-02-05", "trade_id": "BTCUSDT_00005031", "violation_type": "spoofing", "remarks": "Price outside 1m bar H/L with large mid deviation; low-tradecount bars use stricter bps \u2014 possible spoof/print vs bar mismatch.", "timestamp": "2026-02-05 10:39:55.983283", "wallet_id": "trader_02", "side": "BUY", "order_type": "LIMIT", "price": 70230.670765, "quantity": 0.095364, "notional_usdt": 6697.47768683346, "trader_id": "trader_02"}, {"symbol": "BTCUSDT", "date": "2026-02-05", "trade_id": "BTCUSDT_00005032", "violation_type": "spoofing", "remarks": "Price outside 1m bar H/L with large mid deviation; low-tradecount bars use stricter bps \u2014 possible spoof/print vs bar mismatch.", "timestamp": "2026-02-05 10:42:37.407435", "wallet_id": "trader_02", "side": "BUY", "order_type": "LIMIT", "price": 70391.436905, "quantity": 0.088499, "notional_usdt": 6229.571774655594, "trader_id": "trader_02"}, {"symbol": "BTCUSDT", "date": "2026-02-05", "trade_id": "BTCUSDT_00005033", "violation_type": "spoofing", "remarks": "Price outside 1m bar H/L with large mid deviation; low-tradecount bars use stricter bps \u2014 possible spoof/print vs bar mismatch.", "timestamp": "2026-02-05 11:13:21.923422", "wallet_id": "trader_02", "side": "BUY", "order_type": "MARKET", "price": 70257.282492, "quantity": 0.096251, "notional_usdt": 6762.333697137492, "trader_id": "trader_02"}, {"symbol": "BTCUSDT", "date": "2026-02-05", "trade_id": "BTCUSDT_00005034", "violation_type": "spoofing", "remarks": "Price outside 1m bar H/L with large mid deviation; low-tradecount bars use stricter bps \u2014 possible spoof/print vs bar mismatch.", "timestamp": "2026-02-05 12:18:00.509126", "wallet_id": "trader_03", "side": "BUY", "order_type": "MARKET", "price": 70131.665051, "quantity": 0.091872, "notional_usdt": 6443.136331565472, "trader_id": "trader_03"}, {"symbol": "BTCUSDT", "date": "2026-02-05", "trade_id": "BTCUSDT_00005035", "violation_type": "spoofing", "remarks": "Price outside 1m bar H/L with large mid deviation; low-tradecount bars use stricter bps \u2014 possible spoof/print vs bar mismatch.", "timestamp": "2026-02-05 12:54:30.045001", "wallet_id": "trader_03", "side": "BUY", "order_type": "MARKET", "price": 70423.311361, "quantity": 0.091005, "notional_usdt": 6408.873450407805, "trader_id": "trader_03"}, {"symbol": "BTCUSDT", "date": "2026-02-05", "trade_id": "BTCUSDT_00005036", "violation_type": "spoofing", "remarks": "Price outside 1m bar H/L with large mid deviation; low-tradecount bars use stricter bps \u2014 possible spoof/print vs bar mismatch.", "timestamp": "2026-02-05 13:04:56.021524", "wallet_id": "trader_03", "side": "BUY", "order_type": "MARKET", "price": 70474.534582, "quantity": 0.095411, "notional_usdt": 6724.045819003201, "trader_id": "trader_03"}, {"symbol": "BTCUSDT", "date": "2026-02-05", "trade_id": "BTCUSDT_00005037", "violation_type": "spoofing", "remarks": "Price outside 1m bar H/L with large mid deviation; low-tradecount bars use stricter bps \u2014 possible spoof/print vs bar mismatch.", "timestamp": "2026-02-05 13:07:23.957870", "wallet_id": "trader_03", "side": "BUY", "order_type": "MARKET", "price": 70336.881266, "quantity": 0.08474, "notional_usdt": 5960.347318480839, "trader_id": "trader_03"}, {"symbol": "BTCUSDT", "date": "2026-02-12", "trade_id": "BTCUSDT_00005038", "violation_type": "spoofing", "remarks": "Price outside 1m bar H/L with large mid deviation; low-tradecount bars use stricter bps \u2014 possible spoof/print vs bar mismatch.", "timestamp": "2026-02-12 10:41:36.088067", "wallet_id": "trader_04", "side": "BUY", "order_type": "MARKET", "price": 67264.364256, "quantity": 0.050136, "notional_usdt": 3372.366166338816, "trader_id": "trader_04"}, {"symbol": "BTCUSDT", "date": "2026-02-12", "trade_id": "BTCUSDT_00005039", "violation_type": "spoofing", "remarks": "Price outside 1m bar H/L with large mid deviation; low-tradecount bars use stricter bps \u2014 possible spoof/print vs bar mismatch.", "timestamp": "2026-02-12 10:56:23.046575", "wallet_id": "trader_04", "side": "BUY", "order_type": "MARKET", "price": 67305.753471, "quantity": 0.057195, "notional_usdt": 3849.5525697738453, "trader_id": "trader_04"}, {"symbol": "BTCUSDT", "date": "2026-02-12", "trade_id": "BTCUSDT_00005040", "violation_type": "spoofing", "remarks": "Price outside 1m bar H/L with large mid deviation; low-tradecount bars use stricter bps \u2014 possible spoof/print vs bar mismatch.", "timestamp": "2026-02-12 11:06:21.653249", "wallet_id": "trader_04", "side": "BUY", "order_type": "MARKET", "price": 67351.872035, "quantity": 0.049342, "notional_usdt": 3323.2760699509695, "trader_id": "trader_04"}, {"symbol": "BTCUSDT", "date": "2026-02-12", "trade_id": "BTCUSDT_00005041", "violation_type": "spoofing", "remarks": "Price outside 1m bar H/L with large mid deviation; low-tradecount bars use stricter bps \u2014 possible spoof/print vs bar mismatch.", "timestamp": "2026-02-12 11:41:09.193622", "wallet_id": "trader_04", "side": "BUY", "order_type": "LIMIT", "price": 67352.321894, "quantity": 0.027561, "notional_usdt": 1856.2973437205337, "trader_id": "trader_04"}, {"symbol": "BTCUSDT", "date": "2026-02-12", "trade_id": "BTCUSDT_00005042", "violation_type": "spoofing", "remarks": "Price outside 1m bar H/L with large mid deviation; low-tradecount bars use stricter bps \u2014 possible spoof/print vs bar mismatch.", "timestamp": "2026-02-12 12:10:53.458761", "wallet_id": "trader_04", "side": "BUY", "order_type": "MARKET", "price": 67373.772455, "quantity": 0.047761, "notional_usdt": 3217.838746223255, "trader_id": "trader_04"}, {"symbol": "BTCUSDT", "date": "2026-02-12", "trade_id": "BTCUSDT_00005043", "violation_type": "spoofing", "remarks": "Price outside 1m bar H/L with large mid deviation; low-tradecount bars use stricter bps \u2014 possible spoof/print vs bar mismatch.", "timestamp": "2026-02-12 13:11:36.616363", "wallet_id": "trader_04", "side": "BUY", "order_type": "MARKET", "price": 67398.736171, "quantity": 0.054521, "notional_usdt": 3674.646494779091, "trader_id": "trader_04"}, {"symbol": "BTCUSDT", "date": "2026-02-12", "trade_id": "BTCUSDT_00005044", "violation_type": "spoofing", "remarks": "Price outside 1m bar H/L with large mid deviation; low-tradecount bars use stricter bps \u2014 possible spoof/print vs bar mismatch.", "timestamp": "2026-02-12 13:16:00.829544", "wallet_id": "trader_04", "side": "BUY", "order_type": "MARKET", "price": 67457.083105, "quantity": 0.044393, "notional_usdt": 2994.622290280265, "trader_id": "trader_04"}, {"symbol": "BTCUSDT", "date": "2026-02-19", "trade_id": "BTCUSDT_00005045", "violation_type": "spoofing", "remarks": "Price outside 1m bar H/L with large mid deviation; low-tradecount bars use stricter bps \u2014 possible spoof/print vs bar mismatch.", "timestamp": "2026-02-19 11:51:00", "wallet_id": "mgr_01", "side": "BUY", "order_type": "MARKET", "price": 66947.892291, "quantity": 0.97343, "notional_usdt": 65169.08679282813, "trader_id": "mgr_01"}, {"symbol": "DOGEUSDT", "date": "2026-02-02", "trade_id": "DOGEUSDT_00000076", "violation_type": "chain_layering", "remarks": "Three-wallet sequential SELL chain with matched notionals within 300s.", "timestamp": "2026-02-02 15:03:33.626469", "wallet_id": "wallet_DOG0005", "side": "SELL", "order_type": "MARKET", "price": 0.107799, "quantity": 0.281838, "notional_usdt": 0.030381854562, "trader_id": "wallet_DOG0005"}, {"symbol": "DOGEUSDT", "date": "2026-02-02", "trade_id": "DOGEUSDT_00000668", "violation_type": "chain_layering", "remarks": "Three-wallet sequential SELL chain with matched notionals within 300s.", "timestamp": "2026-02-02 15:11:49.360060", "wallet_id": "wallet_DOG0041", "side": "SELL", "order_type": "STOP_LIMIT", "price": 0.107948, "quantity": 0.282118, "notional_usdt": 0.030454073863999998, "trader_id": "wallet_DOG0041"}, {"symbol": "DOGEUSDT", "date": "2026-02-02", "trade_id": "DOGEUSDT_00001361", "violation_type": "chain_layering", "remarks": "Three-wallet sequential SELL chain with matched notionals within 300s.", "timestamp": "2026-02-02 15:07:04.288958", "wallet_id": "wallet_DOG0025", "side": "SELL", "order_type": "MARKET", "price": 0.107601, "quantity": 0.269559, "notional_usdt": 0.029004817959, "trader_id": "wallet_DOG0025"}, {"symbol": "DOGEUSDT", "date": "2026-01-11", "trade_id": "DOGEUSDT_00002001", "violation_type": "spoofing", "remarks": "Price outside 1m bar H/L with large mid deviation; low-tradecount bars use stricter bps \u2014 possible spoof/print vs bar mismatch.", "timestamp": "2026-01-11 11:57:00", "wallet_id": "trader_01", "side": "BUY", "order_type": "LIMIT", "price": 0.138878, "quantity": 115.872011, "notional_usdt": 16.092073143658002, "trader_id": "trader_01"}, {"symbol": "DOGEUSDT", "date": "2026-02-14", "trade_id": "DOGEUSDT_00002021", "violation_type": "spoofing", "remarks": "Price outside 1m bar H/L with large mid deviation; low-tradecount bars use stricter bps \u2014 possible spoof/print vs bar mismatch.", "timestamp": "2026-02-14 10:21:00", "wallet_id": "trader_06", "side": "BUY", "order_type": "MARKET", "price": 0.099719, "quantity": 164.728559, "notional_usdt": 16.426567174921, "trader_id": "trader_06"}, {"symbol": "DOGEUSDT", "date": "2026-02-14", "trade_id": "DOGEUSDT_00002022", "violation_type": "spoofing", "remarks": "Price outside 1m bar H/L with large mid deviation; low-tradecount bars use stricter bps \u2014 possible spoof/print vs bar mismatch.", "timestamp": "2026-02-14 10:35:00", "wallet_id": "trader_09", "side": "SELL", "order_type": "MARKET", "price": 0.099754, "quantity": 177.605006, "notional_usdt": 17.716809768523998, "trader_id": "trader_09"}, {"symbol": "DOGEUSDT", "date": "2026-02-14", "trade_id": "DOGEUSDT_00002024", "violation_type": "spoofing", "remarks": "Price outside 1m bar H/L with large mid deviation; low-tradecount bars use stricter bps \u2014 possible spoof/print vs bar mismatch.", "timestamp": "2026-02-14 11:45:00", "wallet_id": "trader_09", "side": "SELL", "order_type": "MARKET", "price": 0.099716, "quantity": 134.531843, "notional_usdt": 13.414977256588001, "trader_id": "trader_09"}, {"symbol": "DOGEUSDT", "date": "2026-02-14", "trade_id": "DOGEUSDT_00002025", "violation_type": "spoofing", "remarks": "Price outside 1m bar H/L with large mid deviation; low-tradecount bars use stricter bps \u2014 possible spoof/print vs bar mismatch.", "timestamp": "2026-02-14 14:15:00", "wallet_id": "trader_06", "side": "BUY", "order_type": "LIMIT", "price": 0.099679, "quantity": 158.276722, "notional_usdt": 15.776865372238001, "trader_id": "trader_06"}, {"symbol": "DOGEUSDT", "date": "2026-02-14", "trade_id": "DOGEUSDT_00002026", "violation_type": "spoofing", "remarks": "Price outside 1m bar H/L with large mid deviation; low-tradecount bars use stricter bps \u2014 possible spoof/print vs bar mismatch.", "timestamp": "2026-02-14 14:28:00", "wallet_id": "trader_09", "side": "SELL", "order_type": "MARKET", "price": 0.099707, "quantity": 143.902171, "notional_usdt": 14.348053763897001, "trader_id": "trader_09"}, {"symbol": "ETHUSDT", "date": "2026-01-07", "trade_id": "ETHUSDT_00004001", "violation_type": "spoofing", "remarks": "Price outside 1m bar H/L with large mid deviation; low-tradecount bars use stricter bps \u2014 possible spoof/print vs bar mismatch.", "timestamp": "2026-01-07 10:04:21.444347", "wallet_id": "trader_04", "side": "BUY", "order_type": "MARKET", "price": 3218.547502, "quantity": 0.101415, "notional_usdt": 326.40899491533, "trader_id": "trader_04"}, {"symbol": "ETHUSDT", "date": "2026-01-07", "trade_id": "ETHUSDT_00004002", "violation_type": "spoofing", "remarks": "Price outside 1m bar H/L with large mid deviation; low-tradecount bars use stricter bps \u2014 possible spoof/print vs bar mismatch.", "timestamp": "2026-01-07 10:16:42.836433", "wallet_id": "trader_04", "side": "BUY", "order_type": "LIMIT", "price": 3220.28198, "quantity": 0.068673, "notional_usdt": 221.14642441254, "trader_id": "trader_04"}, {"symbol": "ETHUSDT", "date": "2026-01-07", "trade_id": "ETHUSDT_00004003", "violation_type": "spoofing", "remarks": "Price outside 1m bar H/L with large mid deviation; low-tradecount bars use stricter bps \u2014 possible spoof/print vs bar mismatch.", "timestamp": "2026-01-07 10:23:22.697985", "wallet_id": "trader_04", "side": "BUY", "order_type": "MARKET", "price": 3223.319908, "quantity": 0.10403, "notional_usdt": 335.32197002924, "trader_id": "trader_04"}, {"symbol": "ETHUSDT", "date": "2026-01-07", "trade_id": "ETHUSDT_00004004", "violation_type": "spoofing", "remarks": "Price outside 1m bar H/L with large mid deviation; low-tradecount bars use stricter bps \u2014 possible spoof/print vs bar mismatch.", "timestamp": "2026-01-07 11:12:22.697985", "wallet_id": "trader_04", "side": "SELL", "order_type": "MARKET", "price": 3206.535638, "quantity": 0.295222, "notional_usdt": 946.6398641216359, "trader_id": "trader_04"}, {"symbol": "ETHUSDT", "date": "2026-01-16", "trade_id": "ETHUSDT_00004005", "violation_type": "spoofing", "remarks": "Price outside 1m bar H/L with large mid deviation; low-tradecount bars use stricter bps \u2014 possible spoof/print vs bar mismatch.", "timestamp": "2026-01-16 11:35:00", "wallet_id": "trader_04", "side": "BUY", "order_type": "MARKET", "price": 3289.564184, "quantity": 0.046774, "notional_usdt": 153.866075142416, "trader_id": "trader_04"}, {"symbol": "ETHUSDT", "date": "2026-01-23", "trade_id": "ETHUSDT_00004008", "violation_type": "spoofing", "remarks": "Price outside 1m bar H/L with large mid deviation; low-tradecount bars use stricter bps \u2014 possible spoof/print vs bar mismatch.", "timestamp": "2026-01-23 10:23:00", "wallet_id": "trader_05", "side": "BUY", "order_type": "MARKET", "price": 2951.770409, "quantity": 0.1, "notional_usdt": 295.1770409, "trader_id": "trader_05"}, {"symbol": "ETHUSDT", "date": "2026-01-23", "trade_id": "ETHUSDT_00004009", "violation_type": "spoofing", "remarks": "Price outside 1m bar H/L with large mid deviation; low-tradecount bars use stricter bps \u2014 possible spoof/print vs bar mismatch.", "timestamp": "2026-01-23 12:47:39.980300", "wallet_id": "trader_05", "side": "BUY", "order_type": "MARKET", "price": 2947.541797, "quantity": 0.092607, "notional_usdt": 272.963003194779, "trader_id": "trader_05"}, {"symbol": "ETHUSDT", "date": "2026-01-23", "trade_id": "ETHUSDT_00004010", "violation_type": "spoofing", "remarks": "Price outside 1m bar H/L with large mid deviation; low-tradecount bars use stricter bps \u2014 possible spoof/print vs bar mismatch.", "timestamp": "2026-01-23 13:14:19.855601", "wallet_id": "trader_05", "side": "BUY", "order_type": "MARKET", "price": 2954.577375, "quantity": 0.088293, "notional_usdt": 260.868500170875, "trader_id": "trader_05"}, {"symbol": "ETHUSDT", "date": "2026-01-23", "trade_id": "ETHUSDT_00004011", "violation_type": "spoofing", "remarks": "Price outside 1m bar H/L with large mid deviation; low-tradecount bars use stricter bps \u2014 possible spoof/print vs bar mismatch.", "timestamp": "2026-01-23 13:34:34.189252", "wallet_id": "trader_05", "side": "BUY", "order_type": "MARKET", "price": 2959.802176, "quantity": 0.092823, "notional_usdt": 274.737717382848, "trader_id": "trader_05"}, {"symbol": "ETHUSDT", "date": "2026-01-23", "trade_id": "ETHUSDT_00004012", "violation_type": "spoofing", "remarks": "Price outside 1m bar H/L with large mid deviation; low-tradecount bars use stricter bps \u2014 possible spoof/print vs bar mismatch.", "timestamp": "2026-01-23 14:03:32.212948", "wallet_id": "trader_05", "side": "BUY", "order_type": "STOP_LIMIT", "price": 2944.61479, "quantity": 0.095402, "notional_usdt": 280.92214019558, "trader_id": "trader_05"}, {"symbol": "ETHUSDT", "date": "2026-01-23", "trade_id": "ETHUSDT_00004013", "violation_type": "spoofing", "remarks": "Price outside 1m bar H/L with large mid deviation; low-tradecount bars use stricter bps \u2014 possible spoof/print vs bar mismatch.", "timestamp": "2026-01-23 14:06:52.068414", "wallet_id": "trader_05", "side": "BUY", "order_type": "MARKET", "price": 2944.420463, "quantity": 0.095929, "notional_usdt": 282.455310595127, "trader_id": "trader_05"}, {"symbol": "ETHUSDT", "date": "2026-02-03", "trade_id": "ETHUSDT_00004015", "violation_type": "spoofing", "remarks": "Price outside 1m bar H/L with large mid deviation; low-tradecount bars use stricter bps \u2014 possible spoof/print vs bar mismatch.", "timestamp": "2026-02-03 10:39:00", "wallet_id": "trader_06", "side": "SELL", "order_type": "LIMIT", "price": 2298.199812, "quantity": 0.096465, "notional_usdt": 221.69584486457998, "trader_id": "trader_06"}, {"symbol": "ETHUSDT", "date": "2026-02-03", "trade_id": "ETHUSDT_00004019", "violation_type": "spoofing", "remarks": "Price outside 1m bar H/L with large mid deviation; low-tradecount bars use stricter bps \u2014 possible spoof/print vs bar mismatch.", "timestamp": "2026-02-03 13:42:00", "wallet_id": "trader_06", "side": "SELL", "order_type": "LIMIT", "price": 2298.203436, "quantity": 0.114448, "notional_usdt": 263.02478684332795, "trader_id": "trader_06"}, {"symbol": "ETHUSDT", "date": "2026-02-10", "trade_id": "ETHUSDT_00004021", "violation_type": "spoofing", "remarks": "Price outside 1m bar H/L with large mid deviation; low-tradecount bars use stricter bps \u2014 possible spoof/print vs bar mismatch.", "timestamp": "2026-02-10 11:17:00", "wallet_id": "trader_04", "side": "BUY", "order_type": "LIMIT", "price": 2021.986947, "quantity": 0.101238, "notional_usdt": 204.70191454038599, "trader_id": "trader_04"}, {"symbol": "ETHUSDT", "date": "2026-02-10", "trade_id": "ETHUSDT_00004022", "violation_type": "spoofing", "remarks": "Price outside 1m bar H/L with large mid deviation; low-tradecount bars use stricter bps \u2014 possible spoof/print vs bar mismatch.", "timestamp": "2026-02-10 12:45:00", "wallet_id": "trader_04", "side": "SELL", "order_type": "LIMIT", "price": 2024.006914, "quantity": 0.101238, "notional_usdt": 204.906411959532, "trader_id": "trader_04"}, {"symbol": "ETHUSDT", "date": "2026-02-17", "trade_id": "ETHUSDT_00004025", "violation_type": "spoofing", "remarks": "Price outside 1m bar H/L with large mid deviation; low-tradecount bars use stricter bps \u2014 possible spoof/print vs bar mismatch.", "timestamp": "2026-02-17 10:11:36.108162", "wallet_id": "trader_04", "side": "BUY", "order_type": "MARKET", "price": 1988.621999, "quantity": 0.087588, "notional_usdt": 174.17942364841198, "trader_id": "trader_04"}, {"symbol": "ETHUSDT", "date": "2026-02-17", "trade_id": "ETHUSDT_00004026", "violation_type": "spoofing", "remarks": "Price outside 1m bar H/L with large mid deviation; low-tradecount bars use stricter bps \u2014 possible spoof/print vs bar mismatch.", "timestamp": "2026-02-17 10:54:28.751991", "wallet_id": "trader_04", "side": "BUY", "order_type": "MARKET", "price": 1994.333904, "quantity": 0.095885, "notional_usdt": 191.22670638504, "trader_id": "trader_04"}, {"symbol": "ETHUSDT", "date": "2026-02-17", "trade_id": "ETHUSDT_00004027", "violation_type": "spoofing", "remarks": "Price outside 1m bar H/L with large mid deviation; low-tradecount bars use stricter bps \u2014 possible spoof/print vs bar mismatch.", "timestamp": "2026-02-17 11:09:34.311246", "wallet_id": "trader_04", "side": "BUY", "order_type": "MARKET", "price": 1990.072506, "quantity": 0.083509, "notional_usdt": 166.188964903554, "trader_id": "trader_04"}, {"symbol": "ETHUSDT", "date": "2026-02-17", "trade_id": "ETHUSDT_00004028", "violation_type": "spoofing", "remarks": "Price outside 1m bar H/L with large mid deviation; low-tradecount bars use stricter bps \u2014 possible spoof/print vs bar mismatch.", "timestamp": "2026-02-17 11:45:02.773339", "wallet_id": "trader_04", "side": "BUY", "order_type": "MARKET", "price": 1981.141313, "quantity": 0.094733, "notional_usdt": 187.679460004429, "trader_id": "trader_04"}, {"symbol": "ETHUSDT", "date": "2026-02-17", "trade_id": "ETHUSDT_00004029", "violation_type": "spoofing", "remarks": "Price outside 1m bar H/L with large mid deviation; low-tradecount bars use stricter bps \u2014 possible spoof/print vs bar mismatch.", "timestamp": "2026-02-17 11:45:16.930496", "wallet_id": "trader_04", "side": "BUY", "order_type": "MARKET", "price": 1990.939589, "quantity": 0.087059, "notional_usdt": 173.329209678751, "trader_id": "trader_04"}, {"symbol": "ETHUSDT", "date": "2026-02-17", "trade_id": "ETHUSDT_00004030", "violation_type": "spoofing", "remarks": "Price outside 1m bar H/L with large mid deviation; low-tradecount bars use stricter bps \u2014 possible spoof/print vs bar mismatch.", "timestamp": "2026-02-17 12:44:36.993858", "wallet_id": "trader_04", "side": "BUY", "order_type": "LIMIT", "price": 1993.151975, "quantity": 0.087666, "notional_usdt": 174.73166104035, "trader_id": "trader_04"}, {"symbol": "ETHUSDT", "date": "2026-02-17", "trade_id": "ETHUSDT_00004031", "violation_type": "spoofing", "remarks": "Price outside 1m bar H/L with large mid deviation; low-tradecount bars use stricter bps \u2014 possible spoof/print vs bar mismatch.", "timestamp": "2026-02-17 13:14:32.131234", "wallet_id": "trader_04", "side": "BUY", "order_type": "LIMIT", "price": 1993.031778, "quantity": 0.085216, "notional_usdt": 169.838195994048, "trader_id": "trader_04"}, {"symbol": "LTCUSDT", "date": "2026-02-06", "trade_id": "LTCUSDT_00000186", "violation_type": "chain_layering", "remarks": "Three-wallet sequential SELL chain with matched notionals within 300s.", "timestamp": "2026-02-06 00:18:16.412148", "wallet_id": "wallet_LTC0068", "side": "SELL", "order_type": "LIMIT", "price": 46.987564, "quantity": 0.298905, "notional_usdt": 14.044817817419998, "trader_id": "wallet_LTC0068"}, {"symbol": "LTCUSDT", "date": "2026-02-06", "trade_id": "LTCUSDT_00000848", "violation_type": "chain_layering", "remarks": "Three-wallet sequential SELL chain with matched notionals within 300s.", "timestamp": "2026-02-06 00:16:54.413737", "wallet_id": "wallet_LTC0010", "side": "SELL", "order_type": "MARKET", "price": 46.758544, "quantity": 0.296874, "notional_usdt": 13.881395991456001, "trader_id": "wallet_LTC0010"}, {"symbol": "LTCUSDT", "date": "2026-02-06", "trade_id": "LTCUSDT_00001101", "violation_type": "chain_layering", "remarks": "Three-wallet sequential SELL chain with matched notionals within 300s.", "timestamp": "2026-02-06 00:19:14.328259", "wallet_id": "wallet_LTC0042", "side": "SELL", "order_type": "STOP_LIMIT", "price": 46.450552, "quantity": 0.272256, "notional_usdt": 12.646441485312, "trader_id": "wallet_LTC0042"}, {"symbol": "LTCUSDT", "date": "2026-02-06", "trade_id": "LTCUSDT_00001184", "violation_type": "chain_layering", "remarks": "Three-wallet sequential SELL chain with matched notionals within 300s.", "timestamp": "2026-02-06 00:14:21.769376", "wallet_id": "wallet_LTC0074", "side": "SELL", "order_type": "MARKET", "price": 46.794476, "quantity": 0.326667, "notional_usdt": 15.286211091492, "trader_id": "wallet_LTC0074"}, {"symbol": "LTCUSDT", "date": "2026-01-20", "trade_id": "LTCUSDT_00001504", "violation_type": "spoofing", "remarks": "Price outside 1m bar H/L with large mid deviation; low-tradecount bars use stricter bps \u2014 possible spoof/print vs bar mismatch.", "timestamp": "2026-01-20 09:57:00", "wallet_id": "trader_02", "side": "BUY", "order_type": "MARKET", "price": 69.274582, "quantity": 0.408812, "notional_usdt": 28.320280416583998, "trader_id": "trader_02"}, {"symbol": "LTCUSDT", "date": "2026-01-20", "trade_id": "LTCUSDT_00001505", "violation_type": "spoofing", "remarks": "Price outside 1m bar H/L with large mid deviation; low-tradecount bars use stricter bps \u2014 possible spoof/print vs bar mismatch.", "timestamp": "2026-01-20 10:18:00", "wallet_id": "trader_04", "side": "BUY", "order_type": "MARKET", "price": 69.353546, "quantity": 0.510947, "notional_usdt": 35.435986268062, "trader_id": "trader_04"}, {"symbol": "LTCUSDT", "date": "2026-01-20", "trade_id": "LTCUSDT_00001506", "violation_type": "spoofing", "remarks": "Price outside 1m bar H/L with large mid deviation; low-tradecount bars use stricter bps \u2014 possible spoof/print vs bar mismatch.", "timestamp": "2026-01-20 10:30:00", "wallet_id": "trader_05", "side": "BUY", "order_type": "LIMIT", "price": 69.420854, "quantity": 0.496173, "notional_usdt": 34.444753391742005, "trader_id": "trader_05"}, {"symbol": "LTCUSDT", "date": "2026-01-27", "trade_id": "LTCUSDT_00001507", "violation_type": "spoofing", "remarks": "Price outside 1m bar H/L with large mid deviation; low-tradecount bars use stricter bps \u2014 possible spoof/print vs bar mismatch.", "timestamp": "2026-01-27 10:48:00", "wallet_id": "trader_06", "side": "SELL", "order_type": "MARKET", "price": 68.758334, "quantity": 0.234418, "notional_usdt": 16.118191139612, "trader_id": "trader_06"}, {"symbol": "SOLUSDT", "date": "2026-02-11", "trade_id": "SOLUSDT_00002518", "violation_type": "spoofing", "remarks": "Price outside 1m bar H/L with large mid deviation; low-tradecount bars use stricter bps \u2014 possible spoof/print vs bar mismatch.", "timestamp": "2026-02-11 10:02:00", "wallet_id": "trader_07", "side": "BUY", "order_type": "STOP_LIMIT", "price": 81.088052, "quantity": 0.435918, "notional_usdt": 35.347741451736006, "trader_id": "trader_07"}, {"symbol": "SOLUSDT", "date": "2026-02-11", "trade_id": "SOLUSDT_00002519", "violation_type": "spoofing", "remarks": "Price outside 1m bar H/L with large mid deviation; low-tradecount bars use stricter bps \u2014 possible spoof/print vs bar mismatch.", "timestamp": "2026-02-11 10:35:00", "wallet_id": "trader_08", "side": "BUY", "order_type": "MARKET", "price": 80.84528, "quantity": 0.408901, "notional_usdt": 33.05771583728, "trader_id": "trader_08"}, {"symbol": "USDCUSDT", "date": "2026-01-14", "trade_id": "USDCUSDT_00001001", "violation_type": "peg_break", "remarks": "USDCUSDT |price-1| > 0.5%; trade notional \u2265 100.0 USDT and bar volume \u2265 50.0 \u2014 peg break with context.", "timestamp": "2026-01-14 11:39:00", "wallet_id": "trader_01", "side": "BUY", "order_type": "MARKET", "price": 1.005697, "quantity": 268.848994, "notional_usdt": 270.380626718818, "trader_id": "trader_01"}, {"symbol": "USDCUSDT", "date": "2026-02-02", "trade_id": "USDCUSDT_00001010", "violation_type": "peg_break", "remarks": "USDCUSDT |price-1| > 0.5%; trade notional \u2265 100.0 USDT and bar volume \u2265 50.0 \u2014 peg break with context.", "timestamp": "2026-02-02 10:48:00", "wallet_id": "trader_04", "side": "BUY", "order_type": "MARKET", "price": 0.993304, "quantity": 126.01259, "notional_usdt": 125.16880969736, "trader_id": "trader_04"}, {"symbol": "USDCUSDT", "date": "2026-02-09", "trade_id": "USDCUSDT_00001011", "violation_type": "peg_break", "remarks": "USDCUSDT |price-1| > 0.5%; trade notional \u2265 100.0 USDT and bar volume \u2265 50.0 \u2014 peg break with context.", "timestamp": "2026-02-09 11:01:00", "wallet_id": "trader_05", "side": "SELL", "order_type": "MARKET", "price": 0.987836, "quantity": 198.014104, "notional_usdt": 195.60546043894402, "trader_id": "trader_05"}, {"symbol": "XRPUSDT", "date": "2026-01-31", "trade_id": "XRPUSDT_00000570", "violation_type": "chain_layering", "remarks": "Three-wallet sequential SELL chain with matched notionals within 300s.", "timestamp": "2026-01-31 17:12:41.167075", "wallet_id": "wallet_XRP0050", "side": "SELL", "order_type": "MARKET", "price": 1.53888, "quantity": 0.102606, "notional_usdt": 0.15789832128, "trader_id": "wallet_XRP0050"}, {"symbol": "XRPUSDT", "date": "2026-01-31", "trade_id": "XRPUSDT_00001075", "violation_type": "chain_layering", "remarks": "Three-wallet sequential SELL chain with matched notionals within 300s.", "timestamp": "2026-01-31 17:09:47.493039", "wallet_id": "wallet_XRP0049", "side": "SELL", "order_type": "LIMIT", "price": 1.598871, "quantity": 0.090239, "notional_usdt": 0.144280520169, "trader_id": "wallet_XRP0049"}, {"symbol": "XRPUSDT", "date": "2026-01-31", "trade_id": "XRPUSDT_00001591", "violation_type": "chain_layering", "remarks": "Three-wallet sequential SELL chain with matched notionals within 300s.", "timestamp": "2026-01-31 17:08:41.442345", "wallet_id": "wallet_XRP0055", "side": "SELL", "order_type": "MARKET", "price": 1.604905, "quantity": 0.093295, "notional_usdt": 0.149729611975, "trader_id": "wallet_XRP0055"}, {"symbol": "XRPUSDT", "date": "2026-01-31", "trade_id": "XRPUSDT_00002383", "violation_type": "chain_layering", "remarks": "Three-wallet sequential SELL chain with matched notionals within 300s.", "timestamp": "2026-01-31 17:12:48.039235", "wallet_id": "wallet_XRP0070", "side": "SELL", "order_type": "MARKET", "price": 1.547341, "quantity": 0.107173, "notional_usdt": 0.16583317699300001, "trader_id": "wallet_XRP0070"}, {"symbol": "XRPUSDT", "date": "2026-01-10", "trade_id": "XRPUSDT_00002505", "violation_type": "spoofing", "remarks": "Price outside 1m bar H/L with large mid deviation; low-tradecount bars use stricter bps \u2014 possible spoof/print vs bar mismatch.", "timestamp": "2026-01-10 17:47:00", "wallet_id": "trader_09", "side": "SELL", "order_type": "MARKET", "price": 2.101911, "quantity": 69.768753, "notional_usdt": 146.647709386983, "trader_id": "trader_09"}, {"symbol": "XRPUSDT", "date": "2026-01-18", "trade_id": "XRPUSDT_00002509", "violation_type": "spoofing", "remarks": "Price outside 1m bar H/L with large mid deviation; low-tradecount bars use stricter bps \u2014 possible spoof/print vs bar mismatch.", "timestamp": "2026-01-18 13:31:35.572982", "wallet_id": "trader_09", "side": "BUY", "order_type": "MARKET", "price": 2.058296, "quantity": 91.737736, "notional_usdt": 188.82341505785598, "trader_id": "trader_09"}, {"symbol": "XRPUSDT", "date": "2026-01-25", "trade_id": "XRPUSDT_00002518", "violation_type": "spoofing", "remarks": "Price outside 1m bar H/L with large mid deviation; low-tradecount bars use stricter bps \u2014 possible spoof/print vs bar mismatch.", "timestamp": "2026-01-25 14:50:33.236300", "wallet_id": "trader_10", "side": "BUY", "order_type": "LIMIT", "price": 1.895061, "quantity": 87.81159, "notional_usdt": 166.40831955699, "trader_id": "trader_10"}, {"symbol": "XRPUSDT", "date": "2026-01-30", "trade_id": "XRPUSDT_00002519", "violation_type": "spoofing", "remarks": "Price outside 1m bar H/L with large mid deviation; low-tradecount bars use stricter bps \u2014 possible spoof/print vs bar mismatch.", "timestamp": "2026-01-30 10:26:00", "wallet_id": "trader_09", "side": "BUY", "order_type": "MARKET", "price": 1.755008, "quantity": 92.267255, "notional_usdt": 161.92977066304, "trader_id": "trader_09"}, {"symbol": "XRPUSDT", "date": "2026-01-30", "trade_id": "XRPUSDT_00002520", "violation_type": "spoofing", "remarks": "Price outside 1m bar H/L with large mid deviation; low-tradecount bars use stricter bps \u2014 possible spoof/print vs bar mismatch.", "timestamp": "2026-01-30 10:38:00", "wallet_id": "trader_10", "side": "SELL", "order_type": "LIMIT", "price": 1.75526, "quantity": 86.994662, "notional_usdt": 152.69825042212003, "trader_id": "trader_10"}, {"symbol": "XRPUSDT", "date": "2026-01-30", "trade_id": "XRPUSDT_00002521", "violation_type": "spoofing", "remarks": "Price outside 1m bar H/L with large mid deviation; low-tradecount bars use stricter bps \u2014 possible spoof/print vs bar mismatch.", "timestamp": "2026-01-30 11:53:00", "wallet_id": "trader_09", "side": "BUY", "order_type": "STOP_LIMIT", "price": 1.755369, "quantity": 76.18252, "notional_usdt": 133.72843394987999, "trader_id": "trader_09"}, {"symbol": "XRPUSDT", "date": "2026-01-30", "trade_id": "XRPUSDT_00002522", "violation_type": "spoofing", "remarks": "Price outside 1m bar H/L with large mid deviation; low-tradecount bars use stricter bps \u2014 possible spoof/print vs bar mismatch.", "timestamp": "2026-01-30 12:09:00", "wallet_id": "trader_10", "side": "SELL", "order_type": "MARKET", "price": 1.75594, "quantity": 71.290997, "notional_usdt": 125.18271327218001, "trader_id": "trader_10"}, {"symbol": "XRPUSDT", "date": "2026-02-06", "trade_id": "XRPUSDT_00002525", "violation_type": "spoofing", "remarks": "Price outside 1m bar H/L with large mid deviation; low-tradecount bars use stricter bps \u2014 possible spoof/print vs bar mismatch.", "timestamp": "2026-02-06 09:47:56.311698", "wallet_id": "trader_09", "side": "BUY", "order_type": "LIMIT", "price": 1.366237, "quantity": 90.372388, "notional_usdt": 123.470100263956, "trader_id": "trader_09"}, {"symbol": "XRPUSDT", "date": "2026-02-06", "trade_id": "XRPUSDT_00002526", "violation_type": "spoofing", "remarks": "Price outside 1m bar H/L with large mid deviation; low-tradecount bars use stricter bps \u2014 possible spoof/print vs bar mismatch.", "timestamp": "2026-02-06 10:10:38.360176", "wallet_id": "trader_09", "side": "BUY", "order_type": "LIMIT", "price": 1.369519, "quantity": 85.980055, "notional_usdt": 117.75131894354499, "trader_id": "trader_09"}, {"symbol": "XRPUSDT", "date": "2026-02-06", "trade_id": "XRPUSDT_00002527", "violation_type": "spoofing", "remarks": "Price outside 1m bar H/L with large mid deviation; low-tradecount bars use stricter bps \u2014 possible spoof/print vs bar mismatch.", "timestamp": "2026-02-06 10:14:59.798545", "wallet_id": "trader_09", "side": "BUY", "order_type": "MARKET", "price": 1.371692, "quantity": 85.473776, "notional_usdt": 117.243694748992, "trader_id": "trader_09"}, {"symbol": "XRPUSDT", "date": "2026-02-06", "trade_id": "XRPUSDT_00002528", "violation_type": "spoofing", "remarks": "Price outside 1m bar H/L with large mid deviation; low-tradecount bars use stricter bps \u2014 possible spoof/print vs bar mismatch.", "timestamp": "2026-02-06 10:15:54.770453", "wallet_id": "trader_09", "side": "BUY", "order_type": "LIMIT", "price": 1.366305, "quantity": 92.357333, "notional_usdt": 126.188285864565, "trader_id": "trader_09"}, {"symbol": "XRPUSDT", "date": "2026-02-06", "trade_id": "XRPUSDT_00002529", "violation_type": "spoofing", "remarks": "Price outside 1m bar H/L with large mid deviation; low-tradecount bars use stricter bps \u2014 possible spoof/print vs bar mismatch.", "timestamp": "2026-02-06 10:04:13.827589", "wallet_id": "trader_10", "side": "BUY", "order_type": "MARKET", "price": 1.364751, "quantity": 89.713325, "notional_usdt": 122.436350007075, "trader_id": "trader_10"}, {"symbol": "XRPUSDT", "date": "2026-02-06", "trade_id": "XRPUSDT_00002530", "violation_type": "spoofing", "remarks": "Price outside 1m bar H/L with large mid deviation; low-tradecount bars use stricter bps \u2014 possible spoof/print vs bar mismatch.", "timestamp": "2026-02-06 10:07:16.559234", "wallet_id": "trader_10", "side": "BUY", "order_type": "STOP_LIMIT", "price": 1.369374, "quantity": 90.402602, "notional_usdt": 123.794972711148, "trader_id": "trader_10"}, {"symbol": "XRPUSDT", "date": "2026-02-06", "trade_id": "XRPUSDT_00002531", "violation_type": "spoofing", "remarks": "Price outside 1m bar H/L with large mid deviation; low-tradecount bars use stricter bps \u2014 possible spoof/print vs bar mismatch.", "timestamp": "2026-02-06 10:38:58.466926", "wallet_id": "trader_10", "side": "BUY", "order_type": "MARKET", "price": 1.369447, "quantity": 85.119666, "notional_usdt": 116.566871244702, "trader_id": "trader_10"}, {"symbol": "XRPUSDT", "date": "2026-02-06", "trade_id": "XRPUSDT_00002532", "violation_type": "spoofing", "remarks": "Price outside 1m bar H/L with large mid deviation; low-tradecount bars use stricter bps \u2014 possible spoof/print vs bar mismatch.", "timestamp": "2026-02-06 10:53:13.681120", "wallet_id": "trader_10", "side": "BUY", "order_type": "MARKET", "price": 1.371216, "quantity": 96.870058, "notional_usdt": 132.829773450528, "trader_id": "trader_10"}, {"symbol": "XRPUSDT", "date": "2026-02-20", "trade_id": "XRPUSDT_00002535", "violation_type": "spoofing", "remarks": "Price outside 1m bar H/L with large mid deviation; low-tradecount bars use stricter bps \u2014 possible spoof/print vs bar mismatch.", "timestamp": "2026-02-20 11:49:00", "wallet_id": "mgr_04", "side": "BUY", "order_type": "MARKET", "price": 1.416319, "quantity": 1083.031685, "notional_usdt": 1533.918353067515, "trader_id": "mgr_04"}]